@inproceedings{krizhevsky,
  title={Imagenet classification with deep convolutional neural networks},
  author={Krizhevsky, Alex and Sutskever, Ilya and Hinton, Geoffrey E},
  booktitle={Advances in neural information processing systems},
  pages={1097--1105},
  year={2012}
}

@article{silver2016mastering,
	title={Mastering the game of Go with deep neural networks and tree search},
	author={Silver, David and Huang, Aja and Maddison, Chris J and Guez, Arthur and Sifre, Laurent and Van Den Driessche, George and Schrittwieser, Julian and Antonoglou, Ioannis and Panneershelvam, Veda and Lanctot, Marc and others},
	journal={Nature},
	volume={529},
	number={7587},
	pages={484--489},
	year={2016},
	publisher={Nature Research}
}

@article{silver2017mastering,
	title={Mastering the game of go without human knowledge},
	author={Silver, David and Schrittwieser, Julian and Simonyan, Karen and Antonoglou, Ioannis and Huang, Aja and Guez, Arthur and Hubert, Thomas and Baker, Lucas and Lai, Matthew and Bolton, Adrian and others},
	journal={Nature},
	volume={550},
	number={7676},
	pages={354--359},
	year={2017},
	publisher={Nature Research}
}

@InProceedings{Nguyen_2015_CVPR,
	author = {Nguyen, Anh and Yosinski, Jason and Clune, Jeff},
	title = {Deep Neural Networks Are Easily Fooled: High Confidence Predictions for Unrecognizable Images},
	booktitle = {The IEEE Conference on Computer Vision and Pattern Recognition (CVPR)},
	month = {June},
	year = {2015}
}

@article{goodfellow2014explaining,
	title={Explaining and harnessing adversarial examples},
	author={Goodfellow, Ian J and Shlens, Jonathon and Szegedy, Christian},
	journal={arXiv preprint arXiv:1412.6572},
	year={2014}
}

@article{miller2017adversarial,
	title={Adversarial Learning: A Critical Review and Active Learning Study},
	author={Miller, David J and Hu, Xinyi and Qiu, Zhicong and Kesidis, George},
	journal={arXiv preprint arXiv:1705.09823},
	year={2017}
}

@inproceedings{tromp2006combinatorics,
	title={Combinatorics of go},
	author={Tromp, John and Farneb{\"a}ck, Gunnar},
	booktitle={International Conference on Computers and Games},
	pages={84--99},
	year={2006},
	organization={Springer}
}